@article{Ishikawa2012ARegion,
    title = {{A compact X-ray free-electron laser emitting in the sub-{\aa}ngstr{\"{o}}m region}},
    year = {2012},
    journal = {Nature Photonics},
    author = {Ishikawa, T. and Aoyagi, H. and Asaka, T. and Asano, Y. and Azumi, N. and Bizen, T. and Ego, H. and Fukami, K. and Fukui, T. and Furukawa, Y. and Goto, S. and Hanaki, H. and Hara, T. and Hasegawa, Teruaki and Hatsui, Takaki and Higashiya, Atsushi and Hirono, Toko and Hosoda, Naoyasu and Ishii, Miho and Inagaki, Takahiro and Inubushi, Yuichi and Itoga, Toshiro and Joti, Yasumasa and Kago, Masahiro and Kameshima, Takashi and Kimura, Hiroaki and Kirihara, Yoichi and Kiyomichi, Akio and Kobayashi, Toshiaki and Kondo, Chikara and Kudo, Togo and Maesaka, Hirokazu and Mar{\'{e}}chal, Xavier M and Masuda, Takemasa and Matsubara, Shinichi and Matsumoto, Takahiro and Matsushita, Tomohiro and Matsui, Sakuo and Nagasono, Mitsuru and Nariyama, Nobuteru and Ohashi, Haruhiko and Ohata, Toru and Ohshima, Takashi and Ono, Shun and Otake, Yuji and Saji, Choji and Sakurai, Tatsuyuki and Sato, Takahiro and Sawada, Kei and Seike, Takamitsu and Shirasawa, Katsutoshi and Sugimoto, Takashi and Suzuki, Shinsuke and Takahashi, Sunao and Takebe, Hideki and Takeshita, Kunikazu and Tamasaku, Kenji and Tanaka, Hitoshi and Tanaka, Ryotaro and Tanaka, Takashi and Togashi, Tadashi and Togawa, Kazuaki and Tokuhisa, Atsushi and Tomizawa, Hiromitsu and Tono, Kensuke and Wu, Shukui and Yabashi, Makina and Yamaga, Mitsuhiro and Yamashita, Akihiro and Yanagida, Kenichi and Zhang, Chao and Shintake, Tsumoru and Kitamura, Hideo and Kumagai, Noritaka},
    number = {8},
    pages = {540--544},
    volume = {6},
    url = {https://doi.org/10.1038/nphoton.2012.141},
    doi = {10.1038/nphoton.2012.141},
    issn = {1749-4893}
}

@article{Zeitoun2004ABeam,
    title = {{A high-intensity highly coherent soft X-ray femtosecond laser seeded by a high harmonic beam}},
    year = {2004},
    journal = {Nature},
    author = {Zeitoun, P. and Faivre, G. and Sebban, S. and Mocek, T. and Hallou, A. and Fajardo, M. and Aubert, D. and Balcou, Ph. and Burgy, F. and Douillet, D. and Kazamias, S. and de Lach{\`{e}}ze-Murel, G. and Lefrou, T. and le Pape, S. and Merc{\`{e}}re, P. and Merdji, H. and Morlens, A. S. and Rousseau, J. P. and Valentin, C.},
    number = {7007},
    pages = {426--429},
    volume = {431},
    url = {https://doi.org/10.1038/nature02883},
    doi = {10.1038/nature02883},
    issn = {1476-4687}
}

@article{Oliva2012ALasers,
    title = {{A proposal for multi-tens of GW fully coherent femtosecond soft X-ray lasers}},
    year = {2012},
    journal = {Nature Photonics},
    author = {Oliva, E. and Fajardo, M. and Li, L. and Pittman, M. and Le, T. T. T. and Gautier, J. and Lambert, G. and Velarde, P. and Ros, D. and Sebban, S. and Zeitoun, P.},
    number = {11},
    pages = {764--767},
    volume = {6},
    url = {https://doi.org/10.1038/nphoton.2012.246},
    doi = {10.1038/nphoton.2012.246},
    issn = {1749-4893}
}

@article{Ashkin1970AccelerationPressure,
    title = {{Acceleration and Trapping of Particles by Radiation Pressure}},
    year = {1970},
    journal = {Physical Review Letters},
    author = {Ashkin, A.},
    number = {4},
    month = {1},
    pages = {156--159},
    volume = {24},
    publisher = {American Physical Society},
    url = {https://link.aps.org/doi/10.1103/PhysRevLett.24.156},
    doi = {10.1103/PhysRevLett.24.156}
}

@article{Basov1955ApplicationMolecules,
    title = {{Application of molecular beams for radio spectroscopic study of rotational spectra of molecules}},
    year = {1955},
    journal = {Journal Of Experimental And Theoretical Physics},
    author = {Basov, N. G. and Prokhorov, A. M.},
    pages = {431--438},
    volume = {27}
}

@article{Rohringer2012AtomicLaser,
    title = {{Atomic inner-shell X-ray laser at 1.46 nanometres pumped by an X-ray free-electron laser}},
    year = {2012},
    journal = {Nature},
    author = {Rohringer, N. and Ryan, D. and London, R. A. and Purvis, M. and Albert, F. and Dunn, J. and Bozek, J. D. and Bostedt, C. and Graf, A. and Hill, R. and Hau-Riege, S. P. and Rocca, J. J.},
    number = {7382},
    pages = {488--491},
    volume = {481},
    url = {https://doi.org/10.1038/nature10721},
    doi = {10.1038/nature10721},
    issn = {1476-4687}
}

@article{Zhou2020AttosecondLaser,
    title = {{Attosecond Coherence Time Characterization in Hard X-Ray Free-Electron Laser}},
    year = {2020},
    journal = {Scientific Reports},
    author = {Zhou, G. and Decker, F.-J. and Ding, Y. and Jiao, Y. and Lutman, A. A. and Maxwell, T. J. and Raubenheimer, T. O. and Wang, J. and Holman, A. J. and Tsai, C.-Y. and Wu, J. Y and Wu, W. and Yang, C. and Yoon, M. and Wu, J.},
    number = {1},
    pages = {5961},
    volume = {10},
    url = {https://doi.org/10.1038/s41598-020-60328-4},
    doi = {10.1038/s41598-020-60328-4},
    issn = {2045-2322}
}

@article{Krausz2009AttosecondPhysics,
    title = {{Attosecond physics}},
    year = {2009},
    journal = {Reviews of Modern Physics},
    author = {Krausz, F. and Ivanov, M.},
    number = {1},
    month = {2},
    pages = {163--234},
    volume = {81},
    publisher = {American Physical Society},
    url = {https://link.aps.org/doi/10.1103/RevModPhys.81.163},
    doi = {10.1103/RevModPhys.81.163}
}

@article{Thaury2008CoherentMirrors,
    title = {{Coherent dynamics of plasma mirrors}},
    year = {2008},
    journal = {Nature Physics},
    author = {Thaury, C. and George, H. and Qu{\'{e}}r{\'{e}}, F. and Loch, R. and Geindre, J.-P. and Monot, P. and Martin, P.},
    number = {8},
    pages = {631--634},
    volume = {4},
    url = {https://doi.org/10.1038/nphys986},
    doi = {10.1038/nphys986},
    issn = {1745-2481}
}

@article{Oliva2011ComparisonHarmonics,
    title = {{Comparison of natural and forced amplification regimes in plasma-based soft-x-ray lasers seeded by high-order harmonics}},
    year = {2011},
    journal = {Physical Review A},
    author = {Oliva, E. and Zeitoun, P. and Fajardo, M. and Lambert, G. and Ros, D. and Sebban, S. and Velarde, P.},
    number = {1},
    month = {7},
    pages = {13811},
    volume = {84},
    publisher = {American Physical Society},
    url = {https://link.aps.org/doi/10.1103/PhysRevA.84.013811},
    doi = {10.1103/PhysRevA.84.013811}
}

@article{Strickland1985CompressionPulses,
    title = {{Compression of amplified chirped optical pulses}},
    year = {1985},
    journal = {Optics Communications},
    author = {Strickland, D. and Mourou, G.},
    number = {6},
    month = {10},
    pages = {447--449},
    volume = {55},
    publisher = {North-Holland},
    doi = {10.1016/0030-4018(85)90151-8},
    issn = {0030-4018}
}

@article{Marangos2012EvenX-rays,
    title = {{Even harder X-rays}},
    year = {2012},
    journal = {Nature},
    author = {Marangos, J.},
    number = {7382},
    pages = {452--453},
    volume = {481},
    url = {https://doi.org/10.1038/481452a},
    doi = {10.1038/481452a},
    issn = {1476-4687}
}

@article{Tran2022ExtendingWavelengths,
    title = {{Extending the spectrum of fully integrated photonics to submicrometre wavelengths}},
    year = {2022},
    journal = {Nature},
    author = {Tran, M. A. and Zhang, C. and Morin, T. J. and Chang, L. and Barik, S. and Yuan, Z. and Lee, W. and Kim, G. and Malik, A. and Zhang, Z. and Guo, J. and Wang, H. and Shen, B. and Wu, L. and Vahala, K. and Bowers, J. E. and Park, H. and Komljenovic, T.},
    number = {7930},
    pages = {54--60},
    volume = {610},
    url = {https://doi.org/10.1038/s41586-022-05119-9},
    doi = {10.1038/s41586-022-05119-9},
    issn = {1476-4687}
}

@article{Chapman2006FemtosecondLaser,
    title = {{Femtosecond diffractive imaging with a soft-X-ray free-electron laser}},
    year = {2006},
    journal = {Nature Physics},
    author = {Chapman, H. N. and Barty, A. and Bogan, M. J. and Boutet, S. and Frank, M. and Hau-Riege, S. P. and Marchesini, S. and Woods, B. W. and Bajt, S. and Benner, W. H. and London, R. A. and Pl{\"{o}}njes, E. and Kuhlmann, M. and Treusch, R. and D{\"{u}}sterer, S. and Tschentscher, T. and Schneider, J. R. and Spiller, E. and M{\"{o}}ller, T. and Bostedt, C. and Hoener, M. and Shapiro, D. A. and Hodgson, K. O. and van der Spoel, D. and Burmeister, F. and Bergh, M. and Caleman, C. and Huldt, G. and Seibert, M. M. and Maia, F. R. N. C. and Lee, R. W. and Sz{\"{o}}ke, A. and Timneanu, N. and Hajdu, J.},
    number = {12},
    pages = {839--843},
    volume = {2},
    url = {https://doi.org/10.1038/nphys461},
    doi = {10.1038/nphys461},
    issn = {1745-2481}
}

@article{Young2010FemtosecondX-rays,
    title = {{Femtosecond electronic response of atoms to ultra-intense X-rays}},
    year = {2010},
    journal = {Nature},
    author = {Young, L. and Kanter, E. P. and Kr{\"{a}}ssig, B. and Li, Y. and March, A. M. and Pratt, S. T. and Santra, R. and Southworth, S. H. and Rohringer, N. and DiMauro, L. F. and Doumy, G. and Roedig, C. A. and Berrah, N. and Fang, L. and Hoener, M. and Bucksbaum, P. H. and Cryan, J. P. and Ghimire, S. and Glownia, J. M. and Reis, D. A. and Bozek, J. D. and Bostedt, C. and Messerschmidt, M.},
    number = {7302},
    pages = {56--61},
    volume = {466},
    url = {https://doi.org/10.1038/nature09177},
    doi = {10.1038/nature09177},
    issn = {1476-4687}
}

@article{Kabacinski2022FemtosecondPlasma,
    title = {{Femtosecond soft x-ray lasing in dense collisionaly-pumped plasma}},
    year = {2022},
    journal = {Physical Review Research},
    author = {Kabacinski, A. and Tissandier, F. and Gautier, J. and Goddet, J-P. and Andriyash, I. and Zeitoun, P. and Sebban, S. and Oliva, E. and Kozlov{\'{a}}, M.},
    number = {3},
    month = {7},
    pages = {L032009-},
    volume = {4},
    publisher = {American Physical Society},
    url = {https://link.aps.org/doi/10.1103/PhysRevResearch.4.L032009},
    doi = {10.1103/PhysRevResearch.4.L032009}
}

@article{Emma2010FirstLaser,
    title = {{First lasing and operation of an {\aa}ngstrom-wavelength free-electron laser}},
    year = {2010},
    journal = {Nature Photonics},
    author = {Emma, P. and Akre, R. and Arthur, J. and Bionta, R. and Bostedt, C. and Bozek, J. and Brachmann, A. and Bucksbaum, P. and Coffee, R. and Decker, F.-J. and Ding, Y. and Dowell, D. and Edstrom, S. and Fisher, A. and Frisch, J. and Gilevich, S. and Hastings, J. and Hays, G. and Hering, Ph. and Huang, Z. and Iverson, R. and Loos, H. and Messerschmidt, M. and Miahnahri, A. and Moeller, S. and Nuhn, H.-D. and Pile, G. and Ratner, D. and Rzepiela, J. and Schultz, D. and Smith, T. and Stefan, P. and Tompkins, H. and Turner, J. and Welch, J. and White, W. and Wu, J. and Yocky, G. and Galayda, J.},
    number = {9},
    pages = {641--647},
    volume = {4},
    url = {https://doi.org/10.1038/nphoton.2010.176},
    doi = {10.1038/nphoton.2010.176},
    issn = {1749-4893}
}

@article{Khairulin2021FormationField,
    title = {{Formation of Intense Attosecond Pulses in the Sequence of a Resonant Absorber and Active Medium of a Plasma-Based X-Ray Laser Modulated by an Optical Field}},
    year = {2021},
    journal = {Radiophysics and Quantum Electronics},
    author = {Khairulin, I. R. and Antonov, V. A. and Kocharovskaya, O. A.},
    number = {4},
    pages = {272--289},
    volume = {64},
    url = {https://doi.org/10.1007/s11141-021-10130-7},
    doi = {10.1007/s11141-021-10130-7},
    issn = {1573-9120}
}

@article{Costello2008FromBeams,
    title = {{From tiny seeds to coherent beams}},
    year = {2008},
    journal = {Nature Photonics},
    author = {Costello, J.},
    number = {2},
    pages = {67--68},
    volume = {2},
    url = {https://doi.org/10.1038/nphoton.2007.285},
    doi = {10.1038/nphoton.2007.285},
    issn = {1749-4893}
}

@book{Bittencourt2004FundamentalsPhysics,
    title = {{Fundamentals of Plasma Physics}},
    year = {2004},
    author = {Bittencourt, J. A.},
    publisher = {Springer New York},
    isbn = {9780387209753}
}

@article{Wang2014GainField,
    title = {{Gain dynamics in a soft-X-ray laser amplifier perturbed by a strong injected X-ray field}},
    year = {2014},
    journal = {Nature Photonics},
    author = {Wang, Y. and Wang, S. and Oliva, E. and Li, L. and Berrill, M. and Yin, L. and Nejdl, J. and Luther, B. M. and Proux, C. and Le, T. T. T. and Dunn, J. and Ros, D. and Zeitoun, P. and Rocca, J. J.},
    number = {5},
    pages = {381--384},
    volume = {8},
    url = {https://doi.org/10.1038/nphoton.2014.79},
    doi = {10.1038/nphoton.2014.79},
    issn = {1749-4893}
}

@article{Maine1988GenerationAmplification,
    title = {{Generation of ultrahigh peak power pulses by chirped pulse amplification}},
    year = {1988},
    journal = {IEEE Journal of Quantum Electronics},
    author = {Maine, P. and Strickland, D. and Bado, P. and Pessot, M. and Mourou, G.},
    number = {2},
    pages = {398--403},
    volume = {24},
    doi = {10.1109/3.137},
    issn = {1558-1713}
}

@book{Misner2017Gravitation,
    title = {{Gravitation}},
    year = {2017},
    author = {Misner, C. W. and Thorne, K. S. and Wheeler, J. A. and Kaiser, D. I.},
    publisher = {Princeton University Press},
    url = {https://books.google.es/books?id=zAAuDwAAQBAJ},
    isbn = {9781400889099}
}

@article{Dietrich1994High-harmonicLight,
    title = {{High-harmonic generation and correlated two-electron multiphoton ionization with elliptically polarized light}},
    year = {1994},
    journal = {Physical Review A},
    author = {Dietrich, P. and Burnett, N. H. and Ivanov, M. and Corkum, P. B.},
    number = {5},
    month = {11},
    pages = {R3585-R3588},
    volume = {50},
    publisher = {American Physical Society},
    url = {https://link.aps.org/doi/10.1103/PhysRevA.50.R3585},
    doi = {10.1103/PhysRevA.50.R3585}
}

@article{Oliva2018HydrodynamicAmplifiers,
    title = {{Hydrodynamic evolution of plasma waveguides for soft-x-ray amplifiers}},
    year = {2018},
    journal = {Physical Review E},
    author = {Oliva, E. and Depresseux, A. and Cotelo, M. and Lifschitz, A. and Tissandier, F. and Gautier, J. and Maynard, G. and Velarde, P. and Sebban, S.},
    number = {2},
    month = {2},
    pages = {23203},
    volume = {97},
    publisher = {American Physical Society},
    url = {https://link.aps.org/doi/10.1103/PhysRevE.97.023203},
    doi = {10.1103/PhysRevE.97.023203}
}

@article{Schawlow1958InfraredMasers,
    title = {{Infrared and Optical Masers}},
    year = {1958},
    journal = {Physical Review},
    author = {Schawlow, A. L. and Townes, C. H.},
    number = {6},
    month = {12},
    pages = {1940--1949},
    volume = {112},
    publisher = {American Physical Society},
    url = {https://link.aps.org/doi/10.1103/PhysRev.112.1940},
    doi = {10.1103/PhysRev.112.1940}
}

@book{Griffiths2017IntroductionElectrodynamics,
    title = {{Introduction to Electrodynamics}},
    year = {2017},
    author = {Griffiths, D. J.},
    month = {6},
    publisher = {Cambridge University Press},
    isbn = {9781108333511},
    doi = {10.1017/9781108333511}
}

@book{Griffiths2018IntroductionMechanics,
    title = {{Introduction to Quantum Mechanics}},
    year = {2018},
    author = {Griffiths, D. J. and Schroeter, D. F.},
    month = {8},
    publisher = {Cambridge University Press},
    isbn = {9781316995433},
    doi = {10.1017/9781316995433}
}

@article{Tajima1979LaserAccelerator,
    title = {{Laser Electron Accelerator}},
    year = {1979},
    journal = {Physical Review Letters},
    author = {Tajima, T. and Dawson, J. M.},
    number = {4},
    month = {7},
    pages = {267--270},
    volume = {43},
    publisher = {American Physical Society},
    url = {https://link.aps.org/doi/10.1103/PhysRevLett.43.267},
    doi = {10.1103/PhysRevLett.43.267}
}

@book{Milonni1988Lasers,
    title = {{Lasers}},
    year = {1988},
    author = {Milonni, P. W. and Eberly, J. H.},
    series = {Wiley Series in Pure and Applied Optics},
    publisher = {Wiley},
    isbn = {9780471627319}
}

@book{Davis2014LasersElectro-optics,
    title = {{Lasers and Electro-optics}},
    year = {2014},
    author = {Davis, C. C.},
    month = {3},
    publisher = {Cambridge University Press},
    isbn = {9780521677622},
    doi = {10.1017/CBO9781139016629}
}

@phdthesis{Oliva2010MejoraX,
    title = {{Mejora de un c{\'{o}}digo hidrodin{\'{a}}mico con transporte de radiaci{\'{o}}n en malla adaptativa refinada (AMR) y su aplicaci{\'{o}}n a los l{\'{a}}seres de rayos X}},
    year = {2010},
    author = {Oliva, E.},
    month = {3},
    pages = {}
}

@book{Thorne2017ModernPhysics,
    title = {{Modern Classical Physics: Optics, Fluids, Plasmas, Elasticity, Relativity, and Statistical Physics}},
    year = {2017},
    author = {Thorne, K. S. and Blandford, R. D.},
    publisher = {Princeton University Press},
    isbn = {0691159025}
}

@book{Metcalf2018Modern2018,
    title = {{Modern Fortran Explained: Incorporating Fortran 2018}},
    year = {2018},
    author = {Metcalf, M. and Reid, J. and Cohen, M.},
    publisher = {Oxford University Press},
    url = {https://doi.org/10.1093/oso/9780198811893.001.0001},
    isbn = {0192539876}
}

@book{Sakurai2020ModernMechanics,
    title = {{Modern Quantum Mechanics}},
    year = {2020},
    author = {Sakurai, J. J. and Napolitano, J.},
    month = {9},
    publisher = {Cambridge University Press},
    isbn = {9781108587280},
    doi = {10.1017/9781108587280}
}

@article{Gordon1954MolecularNmathrmH_3,
    title = {{Molecular Microwave Oscillator and New Hyperfine Structure in the Microwave Spectrum of N{\$}{\{}{\textbackslash}mathrm{\{}H{\}}{\}}{\_}{\{}3{\}}{\$}}},
    year = {1954},
    journal = {Physical Review},
    author = {Gordon, J. P. and Zeiger, H. J. and Townes, C. H.},
    number = {1},
    month = {7},
    pages = {282--284},
    volume = {95},
    publisher = {American Physical Society},
    url = {https://link.aps.org/doi/10.1103/PhysRev.95.282},
    doi = {10.1103/PhysRev.95.282}
}

@article{Mourou2019NobelApplication,
    title = {{Nobel Lecture: Extreme light physics and application}},
    year = {2019},
    journal = {Reviews of Modern Physics},
    author = {Mourou, G.},
    number = {3},
    month = {7},
    pages = {30501},
    volume = {91},
    publisher = {American Physical Society},
    url = {https://link.aps.org/doi/10.1103/RevModPhys.91.030501},
    doi = {10.1103/RevModPhys.91.030501}
}

@article{Strickland2019NobelPulses,
    title = {{Nobel Lecture: Generating high-intensity ultrashort optical pulses}},
    year = {2019},
    journal = {Reviews of Modern Physics},
    author = {Strickland, D.},
    number = {3},
    month = {7},
    pages = {30502},
    volume = {91},
    publisher = {American Physical Society},
    url = {https://link.aps.org/doi/10.1103/RevModPhys.91.030502},
    doi = {10.1103/RevModPhys.91.030502}
}

@article{Tuitje2020NonlinearAmplifier,
    title = {{Nonlinear ionization dynamics of hot dense plasma observed in a laser-plasma amplifier}},
    year = {2020},
    journal = {Light: Science {\&} Applications},
    author = {Tuitje, F. and Mart{\'{i}}nez, P. and Helk, T. and Gautier, J. and Tissandier, F. and Goddet, J.-P. and Guggenmos, A. and Kleineberg, U. and Sebban, S. and Oliva, E. and Spielmann, C. and Z{\"{u}}rch, M.},
    number = {1},
    pages = {187},
    volume = {9},
    url = {https://doi.org/10.1038/s41377-020-00424-2},
    doi = {10.1038/s41377-020-00424-2},
    issn = {2047-7538}
}

@article{Ackermann2007OperationWindow,
    title = {{Operation of a free-electron laser from the extreme ultraviolet to the water window}},
    year = {2007},
    journal = {Nature Photonics},
    author = {Ackermann, W. and Asova, G. and Ayvazyan, V. and Azima, A. and Baboi, N. and B{\"{a}}hr, J. and Balandin, V. and Beutner, B. and Brandt, A. and Bolzmann, A. and Brinkmann, R. and Brovko, O. I. and Castellano, M. and Castro, P. and Catani, L. and Chiadroni, E. and Choroba, S. and Cianchi, A. and Costello, J. T. and Cubaynes, D. and Dardis, J. and Decking, W. and Delsim-Hashemi, H. and Delserieys, A. and Di Pirro, G. and Dohlus, M. and D{\"{u}}sterer, S. and Eckhardt, A. and Edwards, H. T. and Faatz, B. and Feldhaus, J. and Fl{\"{o}}ttmann, K. and Frisch, J. and Fr{\"{o}}hlich, L. and Garvey, T. and Gensch, U. and Gerth, C. and G{\"{o}}rler, M. and Golubeva, N. and Grabosch, H. J. and Grecki, M. and Grimm, O. and Hacker, K. and Hahn, U. and Han, J. H. and Honkavaara, K. and Hott, T. and H{\"{u}}ning, M. and Ivanisenko, Y. and Jaeschke, E. and Jalmuzna, W. and Jezynski, T. and Kammering, R. and Katalev, V. and Kavanagh, K. and Kennedy, E. T. and Khodyachykh, S. and Klose, K. and Kocharyan, V. and K{\"{o}}rfer, M. and Kollewe, M. and Koprek, W. and Korepanov, S. and Kostin, D. and Krassilnikov, M. and Kube, G. and Kuhlmann, M. and Lewis, C. L. S. and Lilje, L. and Limberg, T. and Lipka, D. and L{\"{o}}hl, F. and Luna, H. and Luong, M. and Martins, M. and Meyer, M. and Michelato, P. and Miltchev, V. and M{\"{o}}ller, W. D. and Monaco, L. and M{\"{u}}ller, W. F. O. and Napieralski, O. and Napoly, O. and Nicolosi, P. and N{\"{o}}lle, D. and Nu{\~{n}}ez, T. and Oppelt, A. and Pagani, C. and Paparella, R. and Pchalek, N. and Pedregosa-Gutierrez, J. and Petersen, B. and Petrosyan, B. and Petrosyan, G. and Petrosyan, L. and Pfl{\"{u}}ger, J. and Pl{\"{o}}njes, E. and Poletto, L. and Pozniak, K. and Prat, E. and Proch, D. and Pucyk, P. and Radcliffe, P. and Redlin, H. and Rehlich, K. and Richter, M. and Roehrs, M. and Roensch, J. and Romaniuk, R. and Ross, M. and Rossbach, J. and Rybnikov, V. and Sachwitz, M. and Saldin, E. L. and Sandner, W. and Schlarb, H. and Schmidt, B. and Schmitz, M. and Schm{\"{u}}ser, P. and Schneider, J. R. and Schneidmiller, E. A. and Schnepp, S. and Schreiber, S. and Seidel, M. and Sertore, D. and Shabunov, A. V. and Simon, C. and Simrock, S. and Sombrowski, E. and Sorokin, A. A. and Spanknebel, P. and Spesyvtsev, R. and Staykov, L. and Steffen, B. and Stephan, F. and Stulle, F. and Thom, H. and Tiedtke, K. and Tischer, M. and Toleikis, S. and Treusch, R. and Trines, D. and Tsakov, I. and Vogel, E. and Weiland, T. and Weise, H. and Wellh{\"{o}}fer, M. and Wendt, M. and Will, I. and Winter, A. and Wittenburg, K. and Wurth, W. and Yeates, P. and Yurkov, M. V. and Zagorodnov, I. and Zapfe, K.},
    number = {6},
    pages = {336--342},
    volume = {1},
    url = {https://doi.org/10.1038/nphoton.2007.76},
    doi = {10.1038/nphoton.2007.76},
    issn = {1749-4893}
}

@article{Mourou2006OpticsRegime,
    title = {{Optics in the relativistic regime}},
    year = {2006},
    journal = {Reviews of Modern Physics},
    author = {Mourou, G. and Tajima, T. and Bulanov, S. V.},
    number = {2},
    month = {4},
    pages = {309--371},
    volume = {78},
    publisher = {American Physical Society},
    url = {https://link.aps.org/doi/10.1103/RevModPhys.78.309},
    doi = {10.1103/RevModPhys.78.309}
}

@book{Hecht2016OpticsEdition,
    title = {{Optics, Global Edition}},
    year = {2016},
    author = {Hecht, E.},
    publisher = {Pearson Education},
    url = {https://books.google.es/books?id=kv4yDQAAQBAJ},
    isbn = {9781292096964}
}

@article{Wang2008Phase-coherent13.9nm,
    title = {{Phase-coherent, injection-seeded, table-top soft-X-ray lasers at 18.9 nm and 13.9 nm}},
    year = {2008},
    journal = {Nature Photonics},
    author = {Wang, Y. and Granados, E. and Pedaci, F. and Alessi, D. and Luther, B. and Berrill, M. and Rocca, J. J.},
    number = {2},
    pages = {94--98},
    volume = {2},
    url = {https://doi.org/10.1038/nphoton.2007.280},
    doi = {10.1038/nphoton.2007.280},
    issn = {1749-4893}
}

@article{Corkum1993PlasmaIonization,
    title = {{Plasma perspective on strong field multiphoton ionization}},
    year = {1993},
    journal = {Physical Review Letters},
    author = {Corkum, P. B.},
    number = {13},
    month = {9},
    pages = {1994--1997},
    volume = {71},
    publisher = {American Physical Society},
    url = {https://link.aps.org/doi/10.1103/PhysRevLett.71.1994},
    doi = {10.1103/PhysRevLett.71.1994}
}

@article{Neutze2000PotentialPulses,
    title = {{Potential for biomolecular imaging with femtosecond X-ray pulses}},
    year = {2000},
    journal = {Nature},
    author = {Neutze, R. and Wouts, R. and van der Spoel, D. and Weckert, E. and Hajdu, J.},
    number = {6797},
    pages = {752--757},
    volume = {406},
    url = {https://doi.org/10.1038/35021099},
    doi = {10.1038/35021099},
    issn = {1476-4687}
}

@article{Malka2008PrinciplesAccelerators,
    title = {{Principles and applications of compact laser–plasma accelerators}},
    year = {2008},
    journal = {Nature Physics},
    author = {Malka, V. and Faure, J. and Gauduel, Y. A. and Lefebvre, E. and Rousse, A. and Phuoc, K. T.},
    number = {6},
    pages = {447--453},
    volume = {4},
    url = {https://doi.org/10.1038/nphys966},
    doi = {10.1038/nphys966},
    issn = {1745-2481}
}

@book{Svelto2010PrinciplesLasers,
    title = {{Principles of Lasers}},
    year = {2010},
    author = {Svelto, O.},
    publisher = {Springer US},
    url = {https://doi.org/10.1007/978-1-4419-1302-9},
    isbn = {9781441913012}
}

@article{Whittaker2010ProducingSeeding,
    title = {{Producing ultrashort, ultraintense plasma-based soft-x-ray laser pulses by high-harmonic seeding}},
    year = {2010},
    journal = {Physical Review A},
    author = {Whittaker, D. S. and Fajardo, M. and Zeitoun, P. and Gautier, J. and Oliva, E. and Sebban, S. and Velarde, P.},
    number = {4},
    month = {4},
    pages = {43836},
    volume = {81},
    publisher = {American Physical Society},
    url = {https://link.aps.org/doi/10.1103/PhysRevA.81.043836},
    doi = {10.1103/PhysRevA.81.043836}
}

@article{Liu2021ProposalLimit,
    title = {{Proposal for a continuous wave laser with linewidth well below the standard quantum limit}},
    year = {2021},
    journal = {Nature Communications},
    author = {Liu, C. and Mucci, M. and Cao, X. and Dutt, M. V. G. and Hatridge, M. and Pekker, D.},
    number = {1},
    pages = {5620},
    volume = {12},
    url = {https://doi.org/10.1038/s41467-021-25879-8},
    doi = {10.1038/s41467-021-25879-8},
    issn = {2041-1723}
}

@book{Cohen-Tannoudji2019QuantumApplications,
    title = {{Quantum Mechanics, Volume 1: Basic Concepts, Tools, and Applications}},
    year = {2019},
    author = {Cohen-Tannoudji, C. and Diu, B. and Lalo{\"{e}}, F.},
    publisher = {John Wiley {\&} Sons},
    isbn = {9783527345533}
}

@book{Cohen-Tannoudji2019QuantumMethods,
    title = {{Quantum Mechanics, Volume 2: Angular Momentum, Spin, and Approximation Methods}},
    year = {2019},
    author = {Cohen-Tannoudji, C. and Diu, B. and Lalo{\"{e}}, F.},
    publisher = {John Wiley {\&} Sons},
    isbn = {9783527345540}
}

@book{Cohen-Tannoudji2019QuantumEntanglement,
    title = {{Quantum Mechanics, Volume 3: Fermions, Bosons, Photons, Correlations, and Entanglement}},
    year = {2019},
    author = {Cohen-Tannoudji, C. and Diu, B. and Lalo{\"{e}}, F.},
    publisher = {John Wiley {\&} Sons},
    isbn = {9783527345557}
}

@article{Yoon2021Realization1023W/cm2,
    title = {{Realization of laser intensity over 1023  W/cm2}},
    year = {2021},
    journal = {Optica},
    author = {Yoon, J. W. and Kim, Y. G. and Choi, I. W. and Sung, J. H. and Lee, H. W. and Lee, S. K. and Nam, C. H.},
    number = {5},
    pages = {630--635},
    volume = {8},
    publisher = {Optica Publishing Group},
    url = {https://opg.optica.org/optica/abstract.cfm?URI=optica-8-5-630},
    doi = {10.1364/OPTICA.420520}
}

@article{Huang2012SACLAFEL,
    title = {{SACLA hard-X-ray compact FEL}},
    year = {2012},
    journal = {Nature Photonics},
    author = {Huang, Z. and Lindau, I.},
    number = {8},
    pages = {505--506},
    volume = {6},
    url = {https://doi.org/10.1038/nphoton.2012.184},
    doi = {10.1038/nphoton.2012.184},
    issn = {1749-4893}
}

@article{Helander2012StellaratorComparison,
    title = {{Stellarator and tokamak plasmas: a comparison}},
    year = {2012},
    journal = {Plasma Physics and Controlled Fusion},
    author = {Helander, P. and Beidler, C. D. and Bird, T. M. and Drevlak, M. and Feng, Y. and Hatzky, R. and Jenko, F. and Kleiber, R. and Proll, J. H. E. and Turkin, Y. and Xanthopoulos, P.},
    number = {12},
    pages = {124009},
    volume = {54},
    publisher = {IOP Publishing},
    url = {https://dx.doi.org/10.1088/0741-3335/54/12/124009},
    doi = {10.1088/0741-3335/54/12/124009},
    issn = {0741-3335}
}

@article{Maiman1960StimulatedRuby,
    title = {{Stimulated Optical Radiation in Ruby}},
    year = {1960},
    journal = {Nature},
    author = {Maiman, T. H.},
    number = {4736},
    pages = {493--494},
    volume = {187},
    url = {https://doi.org/10.1038/187493a0},
    doi = {10.1038/187493a0},
    issn = {1476-4687}
}

@article{vonArdenne2018StructureImage,
    title = {{Structure determination from single molecule X-ray scattering with three photons per image}},
    year = {2018},
    journal = {Nature Communications},
    author = {von Ardenne, B. and Mechelke, M. and Grubm{\"{u}}ller, H.},
    number = {1},
    pages = {2375},
    volume = {9},
    url = {https://doi.org/10.1038/s41467-018-04830-4},
    doi = {10.1038/s41467-018-04830-4},
    issn = {2041-1723}
}

@article{Depresseux2015Table-topGating,
    title = {{Table-top femtosecond soft X-ray laser by collisional ionization gating}},
    year = {2015},
    journal = {Nature Photonics},
    author = {Depresseux, A and Oliva, E and Gautier, J and Tissandier, F and Nejdl, J and Kozlova, M and Maynard, G and Goddet, J-P. and Tafzi, A and Lifschitz, A and {others}},
    number = {12},
    pages = {817--821},
    volume = {9},
    publisher = {Nature Publishing Group UK London},
    doi = {https://doi.org/10.1038/nphoton.2015.225}
}

@article{Depresseux2015Table-topGatingb,
    title = {{Table-top femtosecond soft X-ray laser by collisional ionization gating}},
    year = {2015},
    journal = {Nature Photonics},
    author = {Depresseux, A. and Oliva, E. and Gautier, J. and Tissandier, F. and Nejdl, J. and Kozlova, M. and Maynard, G. and Goddet, J. P. and Tafzi, A. and Lifschitz, A. and Kim, H. T. and Jacquemot, S. and Malka, V. and Ta Phuoc, K. and Thaury, C. and Rousseau, P. and Iaquaniello, G. and Lefrou, T. and Flacco, A. and Vodungbo, B. and Lambert, G. and Rousse, A. and Zeitoun, P. and Sebban, S.},
    number = {12},
    pages = {817--821},
    volume = {9},
    url = {https://doi.org/10.1038/nphoton.2015.225},
    doi = {10.1038/nphoton.2015.225},
    issn = {1749-4893}
}

@article{Rocca1999Table-topLasers,
    title = {{Table-top soft x-ray lasers}},
    year = {1999},
    journal = {Review of Scientific Instruments},
    author = {Rocca, J. J.},
    number = {10},
    month = {9},
    pages = {3799--3827},
    volume = {70},
    publisher = {American Institute of Physics},
    url = {https://doi.org/10.1063/1.1150041},
    doi = {10.1063/1.1150041},
    issn = {0034-6748}
}

@article{Nagler2012TabletopLasers,
    title = {{Tabletop X-ray lasers}},
    year = {2012},
    journal = {Nature Photonics},
    author = {Nagler, B.},
    number = {11},
    pages = {719--720},
    volume = {6},
    url = {https://doi.org/10.1038/nphoton.2012.267},
    doi = {10.1038/nphoton.2012.267},
    issn = {1749-4893}
}

@article{Friedman2022TheFiction,
    title = {{The 100th Anniversary of Einstein's Nobel Prize: Facts and Fiction}},
    year = {2022},
    journal = {Annalen der Physik},
    author = {Friedman, R. M.},
    number = {11},
    month = {11},
    pages = {2200305},
    volume = {534},
    publisher = {John Wiley {\&} Sons, Ltd},
    url = {https://doi.org/10.1002/andp.202200305},
    doi = {https://doi.org/10.1002/andp.202200305},
    issn = {0003-3804},
    keywords = {Arrhenius, Einstein, Gullstrand, Nobel Prizes, Oseen}
}

@book{Sands2011TheEdition,
    title = {{The Feynman Lectures on Physics, Boxed Set: The New Millennium Edition}},
    year = {2011},
    author = {Sands, M. and Feynman, R. and Leighton, R.},
    publisher = {Basic Books},
    isbn = {046502565X}
}

@article{Tallents2003ThePlasmas,
    title = {{The physics of soft x-ray lasers pumped by electron collisions in laser plasmas}},
    year = {2003},
    journal = {Journal of Physics D: Applied Physics},
    author = {Tallents, G. J.},
    number = {15},
    pages = {R259},
    volume = {36},
    publisher = {},
    url = {https://dx.doi.org/10.1088/0022-3727/36/15/201},
    doi = {10.1088/0022-3727/36/15/201},
    issn = {0022-3727}
}

@article{Lewenstein1994TheoryFields,
    title = {{Theory of high-harmonic generation by low-frequency laser fields}},
    year = {1994},
    journal = {Physical Review A},
    author = {Lewenstein, M. and Balcou, Ph. and Ivanov, M. Yu. and L’Huillier, A. and Corkum, P. B.},
    number = {3},
    month = {3},
    pages = {2117--2132},
    volume = {49},
    publisher = {American Physical Society},
    url = {https://link.aps.org/doi/10.1103/PhysRevA.49.2117},
    doi = {10.1103/PhysRevA.49.2117}
}

@article{Ekeberg2015Three-DimensionalLaser,
    title = {{Three-Dimensional Reconstruction of the Giant Mimivirus Particle with an X-Ray Free-Electron Laser}},
    year = {2015},
    journal = {Physical Review Letters},
    author = {Ekeberg, T. and Svenda, M. and Abergel, C. and Maia, F. R. N. C. and Seltzer, V. and Claverie, J.-M. and Hantke, M. and J{\"{o}}nsson, O. and Nettelblad, C. and van der Schot, G. and Liang, M. and DePonte, D. P. and Barty, A. and Seibert, M. M. and Iwan, B. and Andersson, I. and Loh, N. D. and Martin, A. V. and Chapman, H. and Bostedt, C. and Bozek, J. D. and Ferguson, F. R. and Krzywinski, J. and Epp, S. W. and Rolles, D. and Rudenko, A. and Hartmann, R. and Kimmel, N. and Hajdu, J.},
    number = {9},
    month = {3},
    pages = {98102},
    volume = {114},
    publisher = {American Physical Society},
    url = {https://link.aps.org/doi/10.1103/PhysRevLett.114.098102},
    doi = {10.1103/PhysRevLett.114.098102}
}

@article{Ashkin1978TrappingPressure,
    title = {{Trapping of Atoms by Resonance Radiation Pressure}},
    year = {1978},
    journal = {Physical Review Letters},
    author = {Ashkin, A.},
    number = {12},
    month = {3},
    pages = {729--732},
    volume = {40},
    publisher = {American Physical Society},
    url = {https://link.aps.org/doi/10.1103/PhysRevLett.40.729},
    doi = {10.1103/PhysRevLett.40.729}
}

@article{Jamison2010X-rayBrightly,
    title = {{X-ray FEL shines brightly}},
    year = {2010},
    journal = {Nature Photonics},
    author = {Jamison, S.},
    number = {9},
    pages = {589--591},
    volume = {4},
    url = {https://doi.org/10.1038/nphoton.2010.210},
    doi = {10.1038/nphoton.2010.210},
    issn = {1749-4893}
}

@article{Wark2010X-rayAtoms,
    title = {{X-ray laser peels and cores atoms}},
    year = {2010},
    journal = {Nature},
    author = {Wark, J.},
    number = {7302},
    pages = {35--36},
    volume = {466},
    url = {https://doi.org/10.1038/466035a},
    doi = {10.1038/466035a},
    issn = {1476-4687}
}

@article{Nishikino2014X-rayAmplifiers,
    title = {{X-ray laser plasma amplifiers}},
    year = {2014},
    journal = {Nature Photonics},
    author = {Nishikino, M. and Kawachi, T.},
    number = {5},
    pages = {352--354},
    volume = {8},
    url = {https://doi.org/10.1038/nphoton.2014.86},
    doi = {10.1038/nphoton.2014.86},
    issn = {1749-4893}
}

@article{Einstein1905ZurKorper,
    title = {{Zur Elektrodynamik bewegter K{\"{o}}rper}},
    year = {1905},
    journal = {Annalen der Physik},
    author = {Einstein, A.},
    number = {10},
    pages = {891--921},
    volume = {322},
    publisher = {Wiley}
}

@article{Einstein1917ZurStrahlung,
    title = {{Zur Quantentheorie der Strahlung}},
    year = {1917},
    journal = {Phys. Z.},
    author = {Einstein, A.},
    pages = {121--128},
    volume = {18}
}